@book{newton1687,
author={Isaac Newton},
title={Philosophiae naturalis principia mathematica},
year={1687},
publisher={J. Societatis Regiae}
}
